<?xml version="1.0" encoding="utf-8"?>
<record xmlns="http://www.loc.gov/MARC21/slim" xmlns:xsi="http://www.w3.org/2001/XMLSchema-instance" xsi:schemaLocation="http://www.loc.gov/MARC21/slim http://www.loc.gov/standards/marcxml/schema/MARC21slim.xsd">
	<leader>     nam a22        4500</leader>
	<controlfield tag="001">2979862</controlfield>
	<controlfield tag="003">NNC</controlfield>
	<controlfield tag="006">m        d        </controlfield>
	<controlfield tag="007">cr cn |||m|||a</controlfield>
	<controlfield tag="008">171211m19501973ua h    ob    000 0 ara d</controlfield>
	<datafield ind1=" " ind2=" " tag="040">
		<subfield code="a">NNU</subfield>
		<subfield code="b">eng</subfield>
		<subfield code="e">rda</subfield>
		<subfield code="c">NNU</subfield>
	</datafield>
	<datafield ind1="0" ind2="4" tag="050">
		<subfield code="a">PJ6063</subfield>
		<subfield code="b">.Q5 1950</subfield>
	</datafield>
	<datafield ind1="1" ind2=" " tag="100">
		<subfield code="6">880-01</subfield>
		<subfield code="a">Qifṭī, ʻAlī ibn Yūsuf,</subfield>
		<subfield code="d">1172 or 1173-1248.</subfield>
	</datafield>
	<datafield ind1="1" ind2="0" tag="245">
		<subfield code="6">880-02</subfield>
		<subfield code="a">Inbāh al-ruwāt ʻalá anbāh al-nuḥāt /</subfield>
		<subfield code="c">taʼlīf Jamāl al-Dīn Abī al-Ḥasan ʻAlī ibn Yūsuf al-Qifṭī ; bi-taḥqīq Muḥammad Abū al-Faḍl Ibrāhīm.</subfield>
	</datafield>
	<datafield ind1=" " ind2=" " tag="250">
		<subfield code="6">880-03</subfield>
		<subfield code="a">[al-Ṭabʻah 1.].</subfield>
	</datafield>
	<datafield ind1=" " ind2=" " tag="260">
		<subfield code="6">880-04</subfield>
		<subfield code="a">al-Qāhirah :</subfield>
		<subfield code="b">Dār al-Kutub al-Miṣrīyah,</subfield>
		<subfield code="c">1950-73.</subfield>
	</datafield>
	<datafield ind1=" " ind2=" " tag="300">
		<subfield code="a">online resource (4 volumes) :</subfield>
		<subfield code="b">facsimiles</subfield>
	</datafield>
	<datafield ind1=" " ind2=" " tag="336">
		<subfield code="a">text</subfield>
		<subfield code="2">rdacontent</subfield>
	</datafield>
	<datafield ind1=" " ind2=" " tag="337">
		<subfield code="a">computer</subfield>
		<subfield code="2">rdamedia</subfield>
	</datafield>
	<datafield ind1=" " ind2=" " tag="338">
		<subfield code="a">online resource</subfield>
		<subfield code="2">rdacarrier</subfield>
	</datafield>
	<datafield ind1=" " ind2=" " tag="500">
		<subfield code="6">880-05</subfield>
		<subfield code="a">Volume 4, published by Dār al-Kutub wa-al-Wathāʼiq al-Qawmīyah, lacks editor statement.</subfield>
	</datafield>
	<datafield ind1=" " ind2=" " tag="500">
		<subfield code="a">Part of the Arabic Collections Online (ACO) project, contributed by Columbia University Libraries.</subfield>
	</datafield>
	<datafield ind1=" " ind2=" " tag="504">
		<subfield code="a">Includes bibliographical references (v. 4 pages 413-422.).</subfield>
	</datafield>
	<datafield ind1=" " ind2=" " tag="500">
		<subfield code="a">This collection was purchased from Professor Michael Zwettler after his death, Ohio State University, Department of Near Eastern Languages and Cultures.</subfield>
	</datafield>
	<datafield ind1=" " ind2=" " tag="533">
		<subfield code="a">Electronic reproduction.</subfield>
		<subfield code="b">New York, N.Y. :</subfield>
		<subfield code="c">New York University,</subfield>
		<subfield code="d">2017.</subfield>
		<subfield code="5">NNU</subfield>
	</datafield>
	<datafield ind1=" " ind2="0" tag="650">
		<subfield code="a">Arabic philology</subfield>
		<subfield code="v">Biography</subfield>
		<subfield code="v">Early works to 1800.</subfield>
	</datafield>
	<datafield ind1=" " ind2="7" tag="650">
		<subfield code="a">Arabic philology.</subfield>
		<subfield code="2">fast</subfield>
		<subfield code="0">(OCoLC)fst00812526</subfield>
	</datafield>
	<datafield ind1=" " ind2="7" tag="655">
		<subfield code="a">Biography.</subfield>
		<subfield code="2">fast</subfield>
		<subfield code="0">(OCoLC)fst01423686</subfield>
	</datafield>
	<datafield ind1=" " ind2="7" tag="655">
		<subfield code="a">Early works.</subfield>
		<subfield code="2">fast</subfield>
		<subfield code="0">(OCoLC)fst01411636</subfield>
	</datafield>
	<datafield ind1="1" ind2=" " tag="700">
		<subfield code="6">880-06</subfield>
		<subfield code="a">Ibrāhīm, Muḥammad Abū al-Faḍl.</subfield>
	</datafield>
	<datafield ind1="2" ind2=" " tag="710">
		<subfield code="a">Ohio State University.</subfield>
		<subfield code="b">Department of Near Eastern Languages and Cultures.</subfield>
	</datafield>
	<datafield ind1="2" ind2=" " tag="710">
		<subfield code="a">Columbia University.</subfield>
		<subfield code="b">Libraries.</subfield>
	</datafield>
	<datafield ind1="0" ind2=" " tag="730">
		<subfield code="a">Arabic Collections Online.</subfield>
	</datafield>
	<datafield ind1="0" ind2="8" tag="776">
		<subfield code="6">880-07</subfield>
		<subfield code="i">Online version:</subfield>
		<subfield code="a">Qifṭī, ʻAlī ibn Yūsuf, 1172 or 3-1248.</subfield>
		<subfield code="t">Inbāh al-ruwāt ʻalá anbāh al-nuḥāt.</subfield>
		<subfield code="b">[al-Ṭabʻah 1.].</subfield>
		<subfield code="d">al-Qāhirah : Dār al-Kutub al-Miṣrīyah, 1950-73</subfield>
		<subfield code="w">(OCoLC)568762455</subfield>
	</datafield>
	<datafield ind1="0" ind2="8" tag="776">
		<subfield code="6">880-08</subfield>
		<subfield code="i">Online version:</subfield>
		<subfield code="a">Qifṭī, ʻAlī ibn Yūsuf, 1172 or 3-1248.</subfield>
		<subfield code="t">Inbāh al-ruwāt ʻalá anbāh al-nuḥāt.</subfield>
		<subfield code="b">[al-Ṭabʻah 1.].</subfield>
		<subfield code="d">al-Qāhirah : Dār al-Kutub al-Miṣrīyah, 1950-73</subfield>
		<subfield code="w">(OCoLC)608209139</subfield>
	</datafield>
	<datafield ind1="0" ind2="8" tag="776">
		<subfield code="i">Print version:</subfield>
		<subfield code="a">Qifṭī, ʻAlī ibn Yūsuf, 1172 or 1173-1248.</subfield>
		<subfield code="t">Inbāh al-ruwāt ʻalá anbāh al-nuḥāt</subfield>
		<subfield code="w">(NNC)2979862</subfield>
		<subfield code="w">(DLC)  73960622 </subfield>
		<subfield code="w">(OCoLC)23482498</subfield>
	</datafield>
	<datafield ind1="4" ind2="0" tag="856">
		<subfield code="u">http://hdl.handle.net/2333.1/pzgmshqp</subfield>
	</datafield>
	<datafield ind1="1" ind2=" " tag="880">
		<subfield code="6">100-01</subfield>
		<subfield code="a">قفطي، علي ابن يوسف.</subfield>
	</datafield>
	<datafield ind1="1" ind2="0" tag="880">
		<subfield code="6">245-02</subfield>
		<subfield code="a">إنباه الرواة على أنباه النحاة /</subfield>
		<subfield code="c">تأليف جمال الدين أبي الحسن علي بن يوسف القفطي ؛ بتحقيق محمد أبو الفضل إبراهيم.</subfield>
	</datafield>
	<datafield ind1=" " ind2=" " tag="880">
		<subfield code="6">250-03</subfield>
		<subfield code="a">الطبعة ١.</subfield>
	</datafield>
	<datafield ind1=" " ind2=" " tag="880">
		<subfield code="6">260-04</subfield>
		<subfield code="a">القاهرة :</subfield>
		<subfield code="b">دار الكتب المصرية،</subfield>
		<subfield code="c">١٩٥٠-١٩٧٣.</subfield>
	</datafield>
	<datafield ind1=" " ind2=" " tag="880">
		<subfield code="6">500-05</subfield>
		<subfield code="a">Volume 4, published by دار الكتب والوثائق القومية، lacks editor statement.</subfield>
	</datafield>
	<datafield ind1="1" ind2=" " tag="880">
		<subfield code="6">700-06</subfield>
		<subfield code="a">إبراهيم، محمد أبو الفضل.</subfield>
	</datafield>
	<datafield ind1="0" ind2="8" tag="880">
		<subfield code="6">776-07</subfield>
		<subfield code="i">Online version:</subfield>
		<subfield code="a">قفطي، علي بن يوسف، 1172 or 3-1248</subfield>
		<subfield code="t">انباه الرواة على انباه النحات.</subfield>
		<subfield code="b">[الطبعة 1.].</subfield>
		<subfield code="d">القاهرة : دار الكتب المصرية، 195073</subfield>
		<subfield code="w">(ل)568762455</subfield>
	</datafield>
	<datafield ind1="0" ind2="8" tag="880">
		<subfield code="6">776-08</subfield>
		<subfield code="i">Online version:</subfield>
		<subfield code="a">قفطي، علي بن يوسف،  1172 or 3-1248.</subfield>
		<subfield code="t">انباه الروات على انباه النحات.</subfield>
		<subfield code="b">[الطبعة 1.].</subfield>
		<subfield code="d">القاهرة : دار الكتب المصرية، 195073</subfield>
		<subfield code="w">(ل)608209139</subfield>
	</datafield>
	<datafield ind1=" " ind2=" " tag="959">
		<subfield code="a">NNU</subfield>
		<subfield code="b">WEB</subfield>
		<subfield code="c">GENI</subfield>
		<subfield code="t">0</subfield>
		<subfield code="m">Electronic access</subfield>
		<subfield code="s">01</subfield>
	</datafield>
	<datafield ind1=" " ind2=" " tag="999">
		<subfield code="i">NNC_2979862</subfield>
		<subfield code="o">(OCoLC)ocm23482498</subfield>
		<subfield code="s">columbia_aco002515:v.1</subfield>
		<subfield code="s">columbia_aco002516:v.2</subfield>
		<subfield code="s">columbia_aco002517:v.3</subfield>
		<subfield code="e">(ERROR-880)</subfield>
		<subfield code="s">columbia_aco002515:v.1</subfield>
		<subfield code="s">columbia_aco002516:v.2</subfield>
		<subfield code="s">columbia_aco002517:v.3</subfield>
	</datafield>
</record>
